@book{key,
  author    = {Author, A.},
  title     = {The Title of the Book},
  year      = {2021},
  publisher = {Publisher}
}
